@article{alphago,
    author  = "David Silver",
    title   = "Mastering the Game of Go with Deep Neural Networks and Tree Search",
    year    = "2016",
    journal = "Nature",
    volume  = "529",
    number  = "7587",
    pages   = "484--489",
    keywords  = "latex"
}